
@book{tsang_foundations_1993,
	location = {London; San Diego},
	title = {Foundations of constraint satisfaction},
	isbn = {0127016104 9780127016108},
	publisher = {Academic Press},
	author = {Tsang, Edward},
	date = {1993}
}